@misc{ejabberd,
	Title={Erlang Jabber/XMPP daemon},
	Howpublished={\url{http://www.ejabberd.im/}},
	}
	
@misc{chirp,
	Title={Chirp},
	Howpublished={\url{http://nd.edu/~ccl/software/chirp/}},
	}

@misc{redis,
	Title={Redis},
	Howpublished={\url{http://redis.io}},
	}

@misc{graphite,
    Title={Graphite},
    Howpublished={\url{http://graphite.wikidot.com/}},
    }

@article{alien,
    Author = {Saiz P. and Aphecetche L. and Buncic P. Piskac R. and Revsbech J.-E. and Sego V.},
    Journal = {Nuclear Instruments and Methods in Physics Research},
    Number = {2-3},
    Title = {AliEn Resource Brokers},
    Volume = {502},
    Year={2003},
}

@conference{dirac,
	Author = {LHCb Collaboration},
	Booktitle = {Computing in High Energy Physics (CHEP)},
	Title = {{DIRAC, A Community Grid Solution}},
	Year = {2007},
}

@misc{panda,
    Author = {ATLAS Collaboration},
    Howpublished = {\url{http://iopscience.iop.org/1742-6596/119/6/062036}},
    Title = {Panda}
}

@article{crab,
    Author = {D. Spiga et al.},
    Title = {The CMS Remote Analysis Builder (CRAB)},
    Journal = {LNCS},
    Volume = {4873},
    Pages = {580-586},
    Year = {2007},
}

@article{boinc,
    Author = {Anderson D.P.},
    Title = {BOINC: A System for Public-Resource Computing and Storage},
    Journal = {Proc. of 5th IEEE/ACM International Workshop on Grid Computing},
    Year = {2004},
    Pages = {365-372},
}

@misc{ec2,
    Author = {Amazon},
    Title = {Elastic Compute Cloud (Amazon EC2) service },
    Howpublished = {\url{http://aws.amazon.com/ec2/}}
}

@misc{scienceClouds,
    Author = {Freeman T. and Keahey K.},
    Title = {Science clouds},
    Howpublished = {\url{http://www.scienceclouds.org/}}
}

@conference{nimbus,
    Author = {Keahey K. and Freeman. T.},
    Title = {Science Clouds: Early Experiences in Cloud Computing for Scientific Applications},  
    Booktitle = {Cloud Computing and Its Applications 2008 (CCA-08)},
    Year = {2008},
    Month = {October},
    Address = {Chicago, IL}
}

@inproceedings{cernvm08,
	Author = {Predrag Buncic and Jakob Blomer and Pere Mato and Carlos Aguado Sanchez and Leandro Franco and Steffen Klemer},
	Booktitle = {Proceedings of the XII International Workshop on Advanced Computing and Analysis Techniques in Physics Research (ACAT08)},
	Title = {CernVM - a virtual appliance for LHC applications},
	Year = {2008}
}

@misc{cernvmWeb,
    Title = {CernVM project},
    Howpublished = {http://cernvm.cern.ch/}
}
@misc{jdl,
    Title = {Condor Classified Advertisements},
    Howpublished = {\url{http://www.cs.wisc.edu/condor/classad/}}
}



